<?xml version="1.0" encoding="UTF-8"?><collection xmlns="http://www.loc.gov/MARC21/slim"><record><leader>00379nam--2200133-i-4500</leader><controlfield tag="001">000044671</controlfield><controlfield tag="002">20161230</controlfield><controlfield tag="005">20161230201044</controlfield><controlfield tag="008">060222s1000------------r-----000-0-eng-d</controlfield><datafield ind1=" " ind2=" " tag="080"><subfield code="a">621.396.619.13</subfield></datafield><datafield ind1=" " ind2=" " tag="100"><subfield code="a">Tibbs, Christopher E</subfield></datafield><datafield ind1=" " ind2=" " tag="245"><subfield code="a">Frequency modulation engineering foreword by leslie h.bedford</subfield></datafield><datafield ind1=" " ind2=" " tag="260"><subfield code="a">London, Chapman And Hall, 1947, X+310p., 4 Tab</subfield></datafield><datafield ind1=" " ind2=" " tag="852"><subfield code="a">1070</subfield></datafield></record></collection>